<?xml version="1.0" encoding="UTF-8"?>
  <record xmlns="http://www.loc.gov/MARC21/slim" type="Authority">
    <leader>00000nz  a2200000nc 4500</leader>
    <controlfield tag="001">040232018</controlfield>
    <controlfield tag="003">DE-101</controlfield>
    <controlfield tag="005">20220331103013.0</controlfield>
    <controlfield tag="008">880701n||azznnaabn           | ana    |c</controlfield>
    <datafield tag="024" ind1="7" ind2=" ">
      <subfield code="a">4023201-3</subfield>
      <subfield code="0">http://d-nb.info/gnd/4023201-3</subfield>
      <subfield code="2">gnd</subfield>
    </datafield>
    <datafield tag="024" ind1="7" ind2=" ">
      <subfield code="a">2911007</subfield>
      <subfield code="2">geonames</subfield>
    </datafield>
    <datafield tag="034" ind1=" " ind2=" ">
      <subfield code="d">E 008 54 51</subfield>
      <subfield code="e">E 008 54 51</subfield>
      <subfield code="f">N 050 08 03</subfield>
      <subfield code="g">N 050 08 03</subfield>
      <subfield code="2">geonames</subfield>
      <subfield code="0">https://sws.geonames.org/2911007</subfield>
      <subfield code="9">A:agx</subfield>
    </datafield>
    <datafield tag="034" ind1=" " ind2=" ">
      <subfield code="d">E008.914180</subfield>
      <subfield code="e">E008.914180</subfield>
      <subfield code="f">N050.134230</subfield>
      <subfield code="g">N050.134230</subfield>
      <subfield code="2">geonames</subfield>
      <subfield code="0">https://sws.geonames.org/2911007</subfield>
      <subfield code="9">A:dgx</subfield>
    </datafield>
    <datafield tag="035" ind1=" " ind2=" ">
      <subfield code="a">(DE-101)040232018</subfield>
    </datafield>
    <datafield tag="035" ind1=" " ind2=" ">
      <subfield code="a">(DE-588)4023201-3</subfield>
    </datafield>
    <datafield tag="035" ind1=" " ind2=" ">
      <subfield code="z">(DE-588)2028336-2</subfield>
    </datafield>
    <datafield tag="035" ind1=" " ind2=" ">
      <subfield code="z">(DE-588b)2028336-2</subfield>
      <subfield code="9">v:zg</subfield>
    </datafield>
    <datafield tag="035" ind1=" " ind2=" ">
      <subfield code="z">(DE-588c)4023201-3</subfield>
      <subfield code="9">v:zg</subfield>
    </datafield>
    <datafield tag="040" ind1=" " ind2=" ">
      <subfield code="a">DE-101</subfield>
      <subfield code="c">DE-101</subfield>
      <subfield code="9">r:DE-101</subfield>
      <subfield code="b">ger</subfield>
      <subfield code="d">1140</subfield>
      <subfield code="e">rda</subfield>
    </datafield>
    <datafield tag="042" ind1=" " ind2=" ">
      <subfield code="a">gnd1</subfield>
    </datafield>
    <datafield tag="043" ind1=" " ind2=" ">
      <subfield code="c">XA-DE-HE</subfield>
    </datafield>
    <datafield tag="075" ind1=" " ind2=" ">
      <subfield code="b">g</subfield>
      <subfield code="2">gndgen</subfield>
    </datafield>
    <datafield tag="075" ind1=" " ind2=" ">
      <subfield code="b">gik</subfield>
      <subfield code="2">gndspec</subfield>
    </datafield>
    <datafield tag="079" ind1=" " ind2=" ">
      <subfield code="a">g</subfield>
      <subfield code="q">f</subfield>
      <subfield code="q">g</subfield>
      <subfield code="q">s</subfield>
      <subfield code="u">w</subfield>
      <subfield code="u">z</subfield>
      <subfield code="u">v</subfield>
      <subfield code="u">o</subfield>
    </datafield>
    <datafield tag="083" ind1="0" ind2="4">
      <subfield code="z">2</subfield>
      <subfield code="a">4341665</subfield>
      <subfield code="9">d:3</subfield>
      <subfield code="9">t:2007-01-01</subfield>
      <subfield code="2">22/ger</subfield>
    </datafield>
    <datafield tag="151" ind1=" " ind2=" ">
      <subfield code="a">Hanau</subfield>
    </datafield>
    <datafield tag="410" ind1="2" ind2=" ">
      <subfield code="a">Hena</subfield>
    </datafield>
    <datafield tag="410" ind1="2" ind2=" ">
      <subfield code="a">HʿNʾ</subfield>
    </datafield>
    <datafield tag="451" ind1=" " ind2=" ">
      <subfield code="a">Stadt Hanau</subfield>
    </datafield>
    <datafield tag="451" ind1=" " ind2=" ">
      <subfield code="a">Hanovia</subfield>
    </datafield>
    <datafield tag="451" ind1=" " ind2=" ">
      <subfield code="a">Hannovia</subfield>
    </datafield>
    <datafield tag="451" ind1=" " ind2=" ">
      <subfield code="a">Hanaw</subfield>
    </datafield>
    <datafield tag="451" ind1=" " ind2=" ">
      <subfield code="a">HʿNʾWWY</subfield>
    </datafield>
    <datafield tag="451" ind1=" " ind2=" ">
      <subfield code="a">Henaṿi</subfield>
    </datafield>
    <datafield tag="451" ind1=" " ind2=" ">
      <subfield code="a">Hanoy</subfield>
    </datafield>
    <datafield tag="451" ind1=" " ind2=" ">
      <subfield code="a">HʿNʾ</subfield>
    </datafield>
    <datafield tag="451" ind1=" " ind2=" ">
      <subfield code="a">Hena</subfield>
    </datafield>
    <datafield tag="451" ind1=" " ind2=" ">
      <subfield code="9">U:Hebr</subfield>
      <subfield code="a">האנוויא</subfield>
    </datafield>
    <datafield tag="451" ind1=" " ind2=" ">
      <subfield code="9">U:Hebr</subfield>
      <subfield code="9">L:yid</subfield>
      <subfield code="a">הענאװי</subfield>
    </datafield>
    <datafield tag="451" ind1=" " ind2=" ">
      <subfield code="9">U:Hebr</subfield>
      <subfield code="9">L:yid</subfield>
      <subfield code="a">הענאווי</subfield>
      <subfield code="9">v:Variante mit zwei Ṿaṿ statt Doppelṿaṿ in Ligatur</subfield>
    </datafield>
    <datafield tag="670" ind1=" " ind2=" ">
      <subfield code="a">Orts-Mü. 27</subfield>
    </datafield>
    <datafield tag="670" ind1=" " ind2=" ">
      <subfield code="a">Druckorte des 16.-19. Jhs., S. 102</subfield>
    </datafield>
    <datafield tag="670" ind1=" " ind2=" ">
      <subfield code="a">Homepage</subfield>
      <subfield code="b">Stand: 14.10.2019</subfield>
      <subfield code="u">https://www.hanau.de/</subfield>
    </datafield>
    <datafield tag="751" ind1=" " ind2="4">
      <subfield code="a">הענא</subfield>
      <subfield code="5">DE-576</subfield>
      <subfield code="9">U:Hebr</subfield>
      <subfield code="9">v:Original</subfield>
    </datafield>
    <datafield tag="913" ind1=" " ind2=" ">
      <subfield code="S">swd</subfield>
      <subfield code="i">g</subfield>
      <subfield code="a">Hanau</subfield>
      <subfield code="0">(DE-588c)4023201-3</subfield>
    </datafield>
    <datafield tag="913" ind1=" " ind2=" ">
      <subfield code="S">gkd</subfield>
      <subfield code="i">a</subfield>
      <subfield code="a">Hanau</subfield>
      <subfield code="0">(DE-588b)2028336-2</subfield>
    </datafield>
  </record>
